@misc{DRM,
    author = "wiseGEEK",
    title = "Digital rights management",
    note = "\url{https://www.wisegeek.com/what-is-drm.htm/}\newline Accessed: 2019-12-1"
}

@misc{OpenGL,
    author = "KHRONOS Group",
    title = "Low level hardware accelerated rendering API",
    note = "\url{https://www.opengl.org/}\newline Accessed: 2019-12-1"
}

@misc{Vulkan,
    author = "KHRONOS Group",
    title = "Low level hardware accelerated rendering API",
    note = "\url{https://www.khronos.org/vulkan/}\newline Accessed: 2019-12-1"
}

@misc{DirectX,
    author = "Microsoft",
    title = "Low level hardware accelerated rendering API",
    note = "\url{https://docs.microsoft.com/en-us/windows/win32/directx/}\newline Accessed: 2019-12-1"
}

@misc{GPU,
    author = "Wikipedia",
    title = "Graphical processing unit",
    note = "\url{https://en.wikipedia.org/wiki/Graphics_processing_unit}\newline Accessed: 2019-12-1"
}

@misc{Metal,
    author = "Apple",
    title = "Low level hardware accelerated rendering API",
    note = "\url{https://developer.apple.com/metal/}\newline Accessed: 2019-12-1"
}

@misc{MipMap,
    author = "CGL",
    title = "Map maps",
    note = "\url{https://cgl.ethz.ch/teaching/former/vc_master_06/Downloads/Mipmaps_1.pdf/}\newline Accessed: 2019-12-1"
}

@misc{MSDNConstantBuffers,
    author = "Microsoft",
    title = "Maximum size of a constant buffer available to a shader",
    note = "\url{https://docs.microsoft.com/en-us/windows/win32/api/d3d11/nf-d3d11-id3d11devicecontext-vssetconstantbuffers}\newline Accessed: 2019-12-5"
}

@misc{HomogeneousCoordinates,
    author = "PERPETUAL ENIGMA",
    title = "Homogeneous coordinate system",
    note = "\url{https://https://prateekvjoshi.com/2014/06/13/the-concept-of-homogeneous-coordinates/}\newline Accessed: 2019-12-5"
}
